<record><leader>00000cas a22000007a 4500</leader><controlfield tag="001">45040599</controlfield><controlfield tag="008">000919d177u177uvauwr ne      0    0eng d</controlfield><datafield ind1=" " ind2=" " tag="010"><subfield code="a">sn 00064376 </subfield></datafield><datafield ind1=" " ind2=" " tag="040"><subfield code="a">NVK</subfield><subfield code="b">eng</subfield><subfield code="c">NVK</subfield><subfield code="d">OCLCQ</subfield><subfield code="d">OCLCF</subfield><subfield code="d">OCLCO</subfield><subfield code="d">OCL</subfield><subfield code="d">OCLCO</subfield><subfield code="d">OCL</subfield></datafield><datafield ind1=" " ind2=" " tag="042"><subfield code="a">msc</subfield></datafield><datafield ind1=" " ind2=" " tag="043"><subfield code="a">e-uk-en</subfield><subfield code="a">e-uk---</subfield></datafield><datafield ind1="0" ind2="0" tag="245"><subfield code="a">Owen's weekly chronicle, and Westminster journal.</subfield></datafield><datafield ind1=" " ind2=" " tag="260"><subfield code="a">London, England :</subfield><subfield code="b">M. Harrison</subfield></datafield><datafield ind1=" " ind2=" " tag="300"><subfield code="a">v.</subfield></datafield><datafield ind1=" " ind2=" " tag="310"><subfield code="a">Weekly</subfield></datafield><datafield ind1="1" ind2=" " tag="362"><subfield code="a">Began in 1772? Ceased in 1775?</subfield></datafield><datafield ind1=" " ind2=" " tag="588"><subfield code="a">Description based on: Vol. 14, no. 798 (Feb. 15, 1772).</subfield></datafield><datafield ind1=" " ind2=" " tag="588"><subfield code="a">Latest issue consulted: Vol. 17, no. 962 (Mar. 4, 1775).</subfield></datafield><datafield ind1=" " ind2="0" tag="650"><subfield code="a">English newspapers</subfield><subfield code="z">England</subfield><subfield code="z">London.</subfield></datafield><datafield ind1=" " ind2="0" tag="651"><subfield code="a">London (England)</subfield><subfield code="v">Newspapers.</subfield></datafield><datafield ind1=" " ind2="0" tag="651"><subfield code="a">Great Britain</subfield><subfield code="x">History</subfield><subfield code="y">George III, 1760-1820</subfield><subfield code="v">Newspapers.</subfield></datafield><datafield ind1=" " ind2="7" tag="650"><subfield code="a">English newspapers.</subfield><subfield code="2">fast</subfield><subfield code="0">(OCoLC)fst00912226</subfield></datafield><datafield ind1=" " ind2="7" tag="651"><subfield code="a">England</subfield><subfield code="z">London.</subfield><subfield code="2">fast</subfield><subfield code="0">(OCoLC)fst01204271</subfield></datafield><datafield ind1=" " ind2="7" tag="651"><subfield code="a">Great Britain.</subfield><subfield code="2">fast</subfield><subfield code="0">(OCoLC)fst01204623</subfield></datafield><datafield ind1=" " ind2="7" tag="648"><subfield code="a">1760-1820</subfield><subfield code="2">fast</subfield></datafield><datafield ind1=" " ind2="7" tag="655"><subfield code="a">History</subfield><subfield code="2">fast</subfield><subfield code="0">(OCoLC)fst01411628</subfield></datafield><datafield ind1=" " ind2="7" tag="655"><subfield code="a">Newspapers.</subfield><subfield code="2">fast</subfield><subfield code="0">(OCoLC)fst01423814</subfield></datafield><datafield ind1=" " ind2=" " tag="752"><subfield code="a">Great Britian</subfield><subfield code="b">England</subfield><subfield code="d">London.</subfield></datafield><datafield ind1="1" ind2=" " tag="029"><subfield code="a">AU@</subfield><subfield code="b">000021897249</subfield></datafield></record>